{
  "leader": "01405cam a2200373Ia 4500",
  "fields": [
    {
      "001": "ocm48577307\\"
    },
    {
      "003": "OCoLC"
    },
    {
      "005": "20211116140437.0"
    },
    {
      "008": "011211s1964\\\\\\\\it\\ab\\\\\\\\b\\\\\\\\001\\0\\ita\\d"
    },
    {
      "040": {
        "ind1": "\\",
        "ind2": "\\",
        "subfields": [
          {
            "a": "MYG"
          },
          {
            "b": "eng"
          },
          {
            "c": "MYG"
          },
          {
            "d": "OCLCQ"
          },
          {
            "d": "OCLCF"
          },
          {
            "d": "OCLCO"
          },
          {
            "d": "OCLCQ"
          }
        ]
      }
    },
    {
      "035": {
        "ind1": "\\",
        "ind2": "\\",
        "subfields": [
          {
            "a": "(OCoLC)48577307"
          }
        ]
      }
    },
    {
      "041": {
        "ind1": "1",
        "ind2": "\\",
        "subfields": [
          {
            "a": "ita"
          },
          {
            "h": "eng"
          }
        ]
      }
    },
    {
      "043": {
        "ind1": "\\",
        "ind2": "\\",
        "subfields": [
          {
            "a": "e-uk---"
          }
        ]
      }
    },
    {
      "050": {
        "ind1": "\\",
        "ind2": "4",
        "subfields": [
          {
            "a": "NA9185"
          },
          {
            "b": ".R69716 1964"
          }
        ]
      }
    },
    {
      "082": {
        "ind1": "0",
        "ind2": "4",
        "subfields": [
          {
            "a": "307.12160941"
          },
          {
            "b": "ROD"
          }
        ]
      }
    },
    {
      "100": {
        "ind1": "1",
        "ind2": "\\",
        "subfields": [
          {
            "a": "Rodwin, Lloyd."
          }
        ]
      }
    },
    {
      "240": {
        "ind1": "1",
        "ind2": "0",
        "subfields": [
          {
            "a": "British new towns policy."
          },
          {
            "l": "Italian"
          }
        ]
      }
    },
    {
      "245": {
        "ind1": "1",
        "ind2": "3",
        "subfields": [
          {
            "a": "Le citta' nuove inglesi :"
          },
          {
            "b": "problemi ed implicazioni di una politica /"
          },
          {
            "c": "Lloyd Rodwin ; [traduzione di Paola Ciampi]."
          }
        ]
      }
    },
    {
      "260": {
        "ind1": "\\",
        "ind2": "\\",
        "subfields": [
          {
            "a": "[Venezia] :"
          },
          {
            "b": "Marsilio,"
          },
          {
            "c": "\u00a91964."
          }
        ]
      }
    },
    {
      "300": {
        "ind1": "\\",
        "ind2": "\\",
        "subfields": [
          {
            "a": "300 pages :"
          },
          {
            "b": "illustrations, maps ;"
          },
          {
            "c": "25 cm."
          }
        ]
      }
    },
    {
      "336": {
        "ind1": "\\",
        "ind2": "\\",
        "subfields": [
          {
            "a": "text"
          },
          {
            "b": "txt"
          },
          {
            "2": "rdacontent"
          }
        ]
      }
    },
    {
      "337": {
        "ind1": "\\",
        "ind2": "\\",
        "subfields": [
          {
            "a": "unmediated"
          },
          {
            "b": "n"
          },
          {
            "2": "rdamedia"
          }
        ]
      }
    },
    {
      "338": {
        "ind1": "\\",
        "ind2": "\\",
        "subfields": [
          {
            "a": "volume"
          },
          {
            "b": "nc"
          },
          {
            "2": "rdacarrier"
          }
        ]
      }
    },
    {
      "490": {
        "ind1": "1",
        "ind2": "\\",
        "subfields": [
          {
            "a": "Biblioteca di architettura e di urbanistica ;"
          },
          {
            "v": "2"
          }
        ]
      }
    },
    {
      "504": {
        "ind1": "\\",
        "ind2": "\\",
        "subfields": [
          {
            "a": "Includes bibliographical references (pages 267-300) and index."
          }
        ]
      }
    },
    {
      "650": {
        "ind1": "\\",
        "ind2": "0",
        "subfields": [
          {
            "a": "City planning"
          },
          {
            "z": "Great Britain."
          }
        ]
      }
    },
    {
      "650": {
        "ind1": "\\",
        "ind2": "0",
        "subfields": [
          {
            "a": "Regional planning"
          },
          {
            "z": "Great Britain."
          }
        ]
      }
    },
    {
      "650": {
        "ind1": "\\",
        "ind2": "7",
        "subfields": [
          {
            "a": "City planning."
          },
          {
            "2": "fast"
          },
          {
            "0": "(OCoLC)fst00862177"
          }
        ]
      }
    },
    {
      "650": {
        "ind1": "\\",
        "ind2": "7",
        "subfields": [
          {
            "a": "Regional planning."
          },
          {
            "2": "fast"
          },
          {
            "0": "(OCoLC)fst01093120"
          }
        ]
      }
    },
    {
      "651": {
        "ind1": "\\",
        "ind2": "7",
        "subfields": [
          {
            "a": "Great Britain."
          },
          {
            "2": "fast"
          },
          {
            "0": "(OCoLC)fst01204623"
          }
        ]
      }
    },
    {
      "830": {
        "ind1": "\\",
        "ind2": "0",
        "subfields": [
          {
            "a": "Biblioteca di architettura e urbanistica (Marsilio editori) ;"
          },
          {
            "v": "2."
          }
        ]
      }
    },
    {
      "994": {
        "ind1": "\\",
        "ind2": "\\",
        "subfields": [
          {
            "a": "Z0"
          },
          {
            "b": "NYRVC"
          }
        ]
      }
    },
    {
      "948": {
        "ind1": "\\",
        "ind2": "\\",
        "subfields": [
          {
            "h": "NO HOLDINGS IN NYRVC - 1 OTHER HOLDINGS"
          }
        ]
      }
    },
    {
      "999": {
        "ind1": "\\",
        "ind2": "\\",
        "subfields": [
          {
            "a": "no barcode"
          }
        ]
      }
    }
  ]
}